@inproceedings{yu2017seqgan,
  title={SeqGAN: Sequence Generative Adversarial Nets with Policy Gradient.},
  author={Yu, Lantao and Zhang, Weinan and Wang, Jun and Yu, Yong},
  booktitle={AAAI},
  pages={2852--2858},
  year={2017}
}